<?xml version="1.0" encoding="UTF-8"?><collection xmlns="http://www.loc.gov/MARC21/slim"><record><leader>00452nam--2200181-u-4500</leader><controlfield tag="001">000052300</controlfield><controlfield tag="002">20161230</controlfield><controlfield tag="005">20161230201050</controlfield><controlfield tag="008">100614s1000------------r-----000-0-RUS-d</controlfield><datafield ind1=" " ind2=" " tag="040"><subfield code="a">IFIN-HH</subfield></datafield><datafield ind1=" " ind2=" " tag="041"><subfield code="a">RUS</subfield></datafield><datafield ind1=" " ind2=" " tag="080"><subfield code="a">531.19</subfield></datafield><datafield ind1="1" ind2=" " tag="100"><subfield code="a">Tihonov,V.I</subfield></datafield><datafield ind1="1" ind2="0" tag="245"><subfield code="a">Vibrosi traektorii sluceainih protessov</subfield><subfield code="c">V.i. tihonov; v.i. himenko</subfield></datafield><datafield ind1=" " ind2=" " tag="260"><subfield code="a">Moskva</subfield><subfield code="b">Nauka</subfield><subfield code="c">1987</subfield></datafield><datafield ind1=" " ind2=" " tag="300"><subfield code="a">304P</subfield></datafield><datafield ind1=" " ind2=" " tag="852"><subfield code="a">74217</subfield><subfield code="c">519.2</subfield></datafield><datafield ind1=" " ind2=" " tag="CAT"><subfield code="a">Sys</subfield><subfield code="c">20100614</subfield><subfield code="h">101801</subfield></datafield></record></collection>